<?xml version="1.0" encoding="UTF-8"?><collection xmlns="http://www.loc.gov/MARC21/slim"><record><leader>00342nam--2200133-i-4500</leader><controlfield tag="001">000041994</controlfield><controlfield tag="002">20161230</controlfield><controlfield tag="005">20161230201043</controlfield><controlfield tag="008">060222s1000------------r-----000-0-eng-d</controlfield><datafield ind1=" " ind2=" " tag="100"><subfield code="a">Slmith,R.W</subfield></datafield><datafield ind1=" " ind2=" " tag="245"><subfield code="a">Technical writing</subfield></datafield><datafield ind1=" " ind2=" " tag="260"><subfield code="a">New York, Barnes &amp; Noble Inc.,1963. X+181 P</subfield></datafield><datafield ind1=" " ind2=" " tag="490"><subfield code="a">College Outline Series,Since 1873</subfield></datafield><datafield ind1=" " ind2=" " tag="852"><subfield code="a">21756</subfield></datafield></record></collection>